@article{fenton1999software,
  title={Software metrics: successes, failures and new directions},
  author={Fenton, Norman E and Neil, Martin},
  journal={Journal of Systems and Software},
  volume={47},
  number={2-3},
  pages={149--157},
  year={1999},
  publisher={Elsevier}
}

@misc{plural2019sight,
  title={Pluralsight Flow},
  year={2019},
  organization={Pluralsight},
  howpublished={\url{https://help.pluralsight.com/help/chapter-2-flow-import-and-manage-your-data}}
}

@misc{plural2019sight2,
  title={Pluralsight Flow},
  year={2019},
  organization={Pluralsight},
  howpublished={\url{https://help.pluralsight.com/help/metrics}}
}

@misc{azure2020devops,
  title={Azure DevOps Services: Microsoft Azure},
  year={2020},
  organization={Microsoft},
  howpublished={\url{https://azure.microsoft.com/en-us/services/devops/}}
}

@misc{azure2020boards,
  title={Deep dive into Azure Boards},
  author={Aaron Bjork},
  year={2018},
  organization={Microsoft},
  howpublished={\url{https://azure.microsoft.com/en-us/services/devops/}},
  publisher={Microsoft},
}

@misc{metrics2020wrong,
  title={Looking for Metrics in All the Wrong Places},
  author={Simon Gerber},
  year={2020},
  organization={Medium},
  howpublished={\url{https://medium.com/better-programming/looking-for-metrics-in-all-the-wrong-places-db63ca81d4e9}},
  publisher={Medium},
}

@incollection{scacchi1995understanding,
  title={Understanding software productivity},
  author={Scacchi, Walt},
  booktitle={Software Engineering and Knowledge Engineering: Trends for the next decade},
  pages={273--316},
  year={1995},
  publisher={World Scientific}
}

@misc{elusive2019quest,
  title={The elusive quest to measure developer productivity - GitHub Universe 2019},
  author={GitHub},
  year={2019},
  organization={GitHub},
  howpublished={\url{https://www.youtube.com/watch?v=cRJZldsHS3c}},
  publisher={GitHub},
}

@inproceedings{helie2018measuring,
  title={Measuring software development productivity: A machine learning approach},
  author={H{\'e}lie, Jean and Wright, Ian and Ziegler, Albert},
  booktitle={Proceedings of the Conference on Machine Learning for Programming Workshop, affiliated with FLoC},
  volume={18},
  year={2018}
}
